<?xml version="1.0" encoding="UTF-8"?><collection xmlns="http://www.loc.gov/MARC21/slim"><record><leader>00364nam--2200133-i-4500</leader><controlfield tag="001">000010809</controlfield><controlfield tag="002">20161230</controlfield><controlfield tag="005">20161230201029</controlfield><controlfield tag="008">060222s1000------------r-----000-0-eng-d</controlfield><datafield ind1=" " ind2=" " tag="080"><subfield code="a">541.128</subfield></datafield><datafield ind1=" " ind2=" " tag="100"><subfield code="a">Bender, Myron L</subfield></datafield><datafield ind1=" " ind2=" " tag="245"><subfield code="a">Mechanism of homogeneous catalysis from proton s to proteins</subfield></datafield><datafield ind1=" " ind2=" " tag="260"><subfield code="a">New York, Wiley-interscience, 1971. X+686 P</subfield></datafield><datafield ind1=" " ind2=" " tag="852"><subfield code="a">39431</subfield></datafield></record></collection>